@article {CGF13,
    author = {Wald, Ingo and Mark, William R. and Günther, Johannes and Boulos, Solomon and Ize, Thiago and Hunt, Warren and Parker, Steven G. and Shirley, Peter},
    title = {State of the Art in Ray Tracing Animated Scenes},
    journal = {Computer Graphics Forum},
    volume = {28},
    number = {6},
    publisher = {Blackwell Publishing Ltd},
    issn = {1467-8659},
    url = {http://dx.doi.org/10.1111/j.1467-8659.2008.01313.x},
    doi = {10.1111/j.1467-8659.2008.01313.x},
    pages = {1691--1722},
    keywords = {ray tracing, animated scenes, traversal and construction of spatial and hierarchical data structures},
    keywords = {E.1 [Data Structures]: Trees, I.3.7 [Three-Dimensional Graphics and Realism]: Ray tracing},
    year = {2009},
}

@INPROCEEDINGS{Wa06,
    author = {Carsten Wächter and Alexander Keller},
    title = {Instant Ray Tracing: The Bounding Interval Hierarchy},
    booktitle = {IN RENDERING TECHNIQUES 2006 – PROCEEDINGS OF THE 17TH EUROGRAPHICS SYMPOSIUM ON RENDERING},
    year = {2006},
    pages = {139--149},
    publisher = {}
}

@article{BWS06,
    author = {Solomon Boulos and Ingo Wald and Peter Shirley},
    title = {Geometric and Arithmetic Culling Methods for Entire Ray Packets},
    year = {2006},
    journal = {Tech. Rep. UUCS-06-010, SCI Institute, University of Utah},
    masid = {3148320}
}

@article{WBS07,
    author = {Wald, Ingo and Boulos, Solomon and Shirley, Peter},
    title = {Ray Tracing Deformable Scenes Using Dynamic Bounding Volume Hierarchies},
    journal = {ACM Trans. Graph.},
    issue_date = {January 2007},
    volume = {26},
    number = {1},
    month = jan,
    year = {2007},
    issn = {0730-0301},
    articleno = {6},
    url = {http://doi.acm.org/10.1145/1189762.1206075},
    doi = {10.1145/1189762.1206075},
    acmid = {1206075},
    publisher = {ACM},
    address = {New York, NY, USA},
} 

@inproceedings{BEL07,
    author = {Boulos, Solomon and Edwards, Dave and Lacewell, J. Dylan and Kniss, Joe and Kautz, Jan and Shirley, Peter and Wald, Ingo},
    title = {Packet-based Whitted and Distribution Ray Tracing},
    booktitle = {Proceedings of Graphics Interface 2007},
    series = {GI '07},
    year = {2007},
    isbn = {978-1-56881-337-0},
    location = {Montreal, Canada},
    pages = {177--184},
    numpages = {8},
    url = {http://doi.acm.org/10.1145/1268517.1268547},
    doi = {10.1145/1268517.1268547},
    acmid = {1268547},
    publisher = {ACM},
    address = {New York, NY, USA},
}

@inbook{PG10, 
    author = {Matt Pharr and Greg Humphreys},
    title = {Physically Based Rendering: From Theory to Implementation (Second Edition)},
    pages = {346--358,428--446},
    year = {2010},
    publisher = {Morgan Kaufmann}
}

